@misc{zpy,
  title   = {zpy: Synthetic data for Blender.},
  author  = {Ponte, H. and Ponte, N. and Crowder, S.},
  journal = {GitHub. Note: https://github.com/ZumoLabs/zpy},
  volume  = {1},
  year    = {2021}
}

@misc{wu2019detectron2,
  author       = {Yuxin Wu and Alexander Kirillov and Francisco Massa and
                  Wan-Yen Lo and Ross Girshick},
  title        = {Detectron2},
  howpublished = {\url{https://github.com/facebookresearch/detectron2}},
  year         = {2019}
}

@article{brockman2016openai,
  title   = {Openai gym},
  author  = {Brockman, Greg and Cheung, Vicki and Pettersson, Ludwig and Schneider, Jonas and Schulman, John and Tang, Jie and Zaremba, Wojciech},
  journal = {arXiv preprint arXiv:1606.01540},
  year    = {2016}
}

@manual{blender,
  title        = {Blender - a 3D modelling and rendering package},
  author       = {Blender Online Community},
  organization = {Blender Foundation},
  address      = {Stichting Blender Foundation, Amsterdam},
  year         = {2018},
  url          = {http://www.blender.org}
}

@misc{unrealengine,
  author = {{Epic Games}},
  title  = {Unreal Engine},
  year   = {20XX},
  url    = {https://www.unrealengine.com}
}

@misc{unity3d,
  author = {{Unity Technologies}},
  title  = {Unity3D},
  year   = {20XX},
  url    = {https://unity.com/}
}

@misc{godot,
  author = {{GoDot}},
  title  = {GoDot Engine},
  year   = {20XX},
  url    = {https://godotengine.org/}
}

@misc{roblox,
  author = {{Roblox Corporation}},
  title  = {Roblox},
  year   = {20XX},
  url    = {https://www.roblox.com/}
}

@misc{maya,
  author = {{Autodesk Corporation}},
  title  = {Maya},
  year   = {20XX},
  url    = {https://www.autodesk.com/products/maya/overview}
}

@misc{3dsmax,
  author = {{Autodesk Corporation}},
  title  = {3DS Max},
  year   = {20XX},
  url    = {https://www.autodesk.com/products/3ds-max/overview}
}

@misc{cinema4d,
  author = {{Autodesk Corporation}},
  title  = {3DS Max},
  year   = {20XX},
  url    = {https://www.autodesk.com/products/3ds-max/overview}
}

@misc{autocad,
  author = {{Autodesk Corporation}},
  title  = {3DS Max},
  year   = {20XX},
  url    = {https://www.autodesk.com/products/3ds-max/overview}
}

@misc{solidworks,
  author = {{Autodesk Corporation}},
  title  = {3DS Max},
  year   = {20XX},
  url    = {https://www.autodesk.com/products/3ds-max/overview}
}

@misc{onshape,
  author = {{Autodesk Corporation}},
  title  = {3DS Max},
  year   = {20XX},
  url    = {https://www.autodesk.com/products/3ds-max/overview}
}

@misc{rhino,
  author = {{Autodesk Corporation}},
  title  = {3DS Max},
  year   = {20XX},
  url    = {https://www.autodesk.com/products/3ds-max/overview}
}

@misc{houdini,
  author = {{Autodesk Corporation}},
  title  = {3DS Max},
  year   = {20XX},
  url    = {https://www.autodesk.com/products/3ds-max/overview}
}

@misc{ginconfig,
  author = {{Dan Holtmann-Rice, Sergio Guadarrama, Nathan Silberman}},
  title  = {Gin Config},
  year   = {20XX},
  url    = {https://github.com/google/gin-config}
}

@article{scikit-learn,
  title   = {Scikit-learn: Machine Learning in {P}ython},
  author  = {Pedregosa, F. and Varoquaux, G. and Gramfort, A. and Michel, V.
         and Thirion, B. and Grisel, O. and Blondel, M. and Prettenhofer, P.
         and Weiss, R. and Dubourg, V. and Vanderplas, J. and Passos, A. and
         Cournapeau, D. and Brucher, M. and Perrot, M. and Duchesnay, E.},
  journal = {Journal of Machine Learning Research},
  volume  = {12},
  pages   = {2825--2830},
  year    = {2011}
}

@incollection{pytorch,
  title     = {PyTorch: An Imperative Style, High-Performance Deep Learning Library},
  author    = {Paszke, Adam and Gross, Sam and Massa, Francisco and Lerer, Adam and Bradbury, James and Chanan, Gregory and Killeen, Trevor and Lin, Zeming and Gimelshein, Natalia and Antiga, Luca and Desmaison, Alban and Kopf, Andreas and Yang, Edward and DeVito, Zachary and Raison, Martin and Tejani, Alykhan and Chilamkurthy, Sasank and Steiner, Benoit and Fang, Lu and Bai, Junjie and Chintala, Soumith},
  booktitle = {Advances in Neural Information Processing Systems 32},
  editor    = {H. Wallach and H. Larochelle and A. Beygelzimer and F. d\textquotesingle Alch\'{e}-Buc and E. Fox and R. Garnett},
  pages     = {8024--8035},
  year      = {2019},
  publisher = {Curran Associates, Inc.},
  url       = {http://papers.neurips.cc/paper/9015-pytorch-an-imperative-style-high-performance-deep-learning-library.pdf}
}

@misc{tensorflow,
  title  = { {TensorFlow}: Large-Scale Machine Learning on Heterogeneous Systems},
  url    = {https://www.tensorflow.org/},
  note   = {Software available from tensorflow.org},
  author = {
    Mart\'{\i}n~Abadi and
    Ashish~Agarwal and
    Paul~Barham and
    Eugene~Brevdo and
    Zhifeng~Chen and
    Craig~Citro and
    Greg~S.~Corrado and
    Andy~Davis and
    Jeffrey~Dean and
    Matthieu~Devin and
    Sanjay~Ghemawat and
    Ian~Goodfellow and
    Andrew~Harp and
    Geoffrey~Irving and
    Michael~Isard and
    Yangqing Jia and
    Rafal~Jozefowicz and
    Lukasz~Kaiser and
    Manjunath~Kudlur and
    Josh~Levenberg and
    Dandelion~Man\'{e} and
    Rajat~Monga and
    Sherry~Moore and
    Derek~Murray and
    Chris~Olah and
    Mike~Schuster and
    Jonathon~Shlens and
    Benoit~Steiner and
    Ilya~Sutskever and
    Kunal~Talwar and
    Paul~Tucker and
    Vincent~Vanhoucke and
    Vijay~Vasudevan and
    Fernanda~Vi\'{e}gas and
    Oriol~Vinyals and
    Pete~Warden and
    Martin~Wattenberg and
    Martin~Wicke and
    Yuan~Yu and
    Xiaoqiang~Zheng},
  year   = {2015}
}